Date,Revenue,Cost Of Goods Sold,Gross Profit,Research And Development Expenses,SG&A Expenses,Other Operating Income Or Expenses,Operating Expenses,Operating Income,Total Non-Operating Income/Expense,Pre-Tax Income,Income Taxes,Income After Taxes,Other Income,Income From Continuous Operations,Income From Discontinued Operations,Net Income,EBITDA,EBIT,Basic Shares Outstanding,Shares Outstanding,Basic EPS,EPS - Earnings Per Share
2009-03-31,4889.0,3741.0,1148.0,275.0,618.0,-11.0,4645.0,244.0,4.0,248.0,69.0,179.0,0.0,177.0,0.0,177.0,331.0,244.0,429.0,437.0,0.41,0.41
2009-06-30,4651.0,3518.0,1133.0,299.0,615.0,-60.0,4492.0,159.0,20.0,179.0,39.0,140.0,0.0,142.0,0.0,142.0,243.0,159.0,431.0,440.0,0.33,0.32
2009-09-30,5449.0,4176.0,1273.0,315.0,698.0,-9.0,5198.0,251.0,11.0,262.0,60.0,202.0,0.0,199.0,0.0,199.0,346.0,251.0,432.0,441.0,0.46,0.45
2009-12-31,9520.0,7543.0,1977.0,351.0,1129.0,-22.0,9045.0,475.0,-3.0,472.0,85.0,387.0,0.0,384.0,0.0,384.0,587.0,475.0,433.0,442.0,0.88,0.86
2010-03-31,7131.0,5501.0,1630.0,366.0,844.0,-26.0,6737.0,394.0,7.0,401.0,100.0,301.0,0.0,299.0,0.0,299.0,513.0,394.0,445.0,454.0,0.67,0.66
2010-06-30,6566.0,4957.0,1609.0,408.0,906.0,-25.0,6296.0,270.0,27.0,297.0,88.0,209.0,0.0,207.0,0.0,207.0,400.0,270.0,447.0,455.0,0.46,0.45
2010-09-30,7560.0,5786.0,1774.0,442.0,1038.0,-26.0,7292.0,268.0,24.0,292.0,79.0,213.0,0.0,231.0,0.0,231.0,418.0,268.0,448.0,456.0,0.51,0.51
2010-12-31,12947.0,10317.0,2630.0,518.0,1609.0,-29.0,12473.0,474.0,33.0,507.0,85.0,422.0,0.0,415.0,0.0,415.0,643.0,474.0,447.0,456.0,0.94,0.91
2011-03-31,9857.0,7608.0,2249.0,579.0,1315.0,-33.0,9535.0,322.0,-15.0,307.0,89.0,218.0,0.0,201.0,0.0,201.0,524.0,322.0,451.0,459.0,0.44,0.44
2011-06-30,9913.0,7525.0,2388.0,698.0,1448.0,-41.0,9712.0,201.0,24.0,225.0,49.0,176.0,0.0,191.0,0.0,191.0,445.0,201.0,453.0,460.0,0.42,0.41
2011-09-30,10876.0,8325.0,2551.0,769.0,1666.0,-37.0,10797.0,79.0,51.0,130.0,67.0,63.0,0.0,63.0,0.0,63.0,357.0,79.0,454.0,461.0,0.14,0.14
2011-12-31,17431.0,13830.0,3601.0,863.0,2435.0,-43.0,17171.0,260.0,12.0,272.0,86.0,186.0,0.0,176.0,0.0,176.0,619.0,260.0,453.0,461.0,0.39,0.38
2012-03-31,13185.0,10027.0,3158.0,945.0,1975.0,-46.0,12993.0,192.0,-108.0,84.0,43.0,41.0,0.0,130.0,0.0,130.0,649.0,192.0,453.0,460.0,0.29,0.28
2012-06-30,12834.0,9488.0,3346.0,1082.0,2125.0,-32.0,12727.0,107.0,39.0,146.0,109.0,37.0,0.0,7.0,0.0,7.0,592.0,107.0,451.0,458.0,0.02,0.01
2012-09-30,13806.0,10319.0,3487.0,1192.0,2280.0,-43.0,13834.0,-28.0,6.0,-22.0,83.0,-105.0,0.0,-274.0,0.0,-274.0,527.0,-28.0,452.0,452.0,-0.6,-0.6
2012-12-31,21268.0,16137.0,5131.0,1345.0,3343.0,-38.0,20863.0,405.0,-69.0,336.0,193.0,143.0,0.0,98.0,0.0,98.0,1067.0,405.0,453.0,453.0,0.2,0.22
2013-03-31,16070.0,11801.0,4269.0,1383.0,2674.0,-31.0,15889.0,181.0,-100.0,81.0,-18.0,99.0,0.0,82.0,0.0,82.0,881.0,181.0,455.0,463.0,0.18,0.18
2013-06-30,15704.0,11209.0,4495.0,1586.0,2798.0,-32.0,15625.0,79.0,-62.0,17.0,13.0,4.0,0.0,-7.0,0.0,-7.0,836.0,79.0,456.0,456.0,-0.02,-0.02
2013-09-30,17092.0,12366.0,4726.0,1734.0,3006.0,-11.0,17117.0,-25.0,-18.0,-43.0,-12.0,-31.0,0.0,-41.0,0.0,-41.0,809.0,-25.0,457.0,457.0,-0.09,-0.09
2013-12-31,25586.0,18805.0,6781.0,1862.0,4369.0,-40.0,25076.0,510.0,-59.0,451.0,178.0,273.0,0.0,240.0,0.0,240.0,1472.0,510.0,457.0,465.0,0.53,0.52
2014-03-31,19741.0,14055.0,5686.0,1991.0,3514.0,-35.0,19595.0,146.0,-26.0,120.0,73.0,47.0,0.0,108.0,0.0,108.0,1156.0,146.0,460.0,468.0,0.23,0.23
2014-06-30,19340.0,13399.0,5941.0,2226.0,3702.0,-28.0,19355.0,-15.0,-12.0,-27.0,94.0,-121.0,0.0,-126.0,0.0,-126.0,1094.0,-15.0,461.0,461.0,-0.27,-0.27
2014-09-30,20579.0,14627.0,5952.0,2423.0,4042.0,-31.0,21123.0,-544.0,-90.0,-634.0,-205.0,-429.0,0.0,-437.0,0.0,-437.0,703.0,-544.0,463.0,463.0,-0.95,-0.95
2014-12-31,29328.0,20671.0,8657.0,2635.0,5392.0,-39.0,28737.0,591.0,-161.0,430.0,205.0,225.0,0.0,214.0,0.0,214.0,1971.0,591.0,462.0,462.0,0.47,0.47
2015-03-31,22717.0,15395.0,7322.0,2754.0,4269.0,-44.0,22462.0,255.0,-234.0,21.0,71.0,-50.0,0.0,-57.0,0.0,-57.0,1681.0,255.0,465.0,465.0,-0.12,-0.12
2015-06-30,23185.0,15160.0,8025.0,3020.0,4493.0,-48.0,22721.0,464.0,-102.0,362.0,266.0,96.0,0.0,92.0,0.0,92.0,1968.0,464.0,467.0,476.0,0.2,0.19
2015-09-30,25358.0,16755.0,8603.0,3197.0,4957.0,-43.0,24952.0,406.0,-159.0,247.0,161.0,86.0,0.0,79.0,0.0,79.0,2005.0,406.0,468.0,478.0,0.17,0.17
2015-12-31,35746.0,24341.0,11405.0,3569.0,6692.0,-36.0,34638.0,1108.0,-170.0,938.0,452.0,486.0,0.0,482.0,0.0,482.0,2860.0,1108.0,467.0,477.0,1.03,1.01
2016-03-31,29128.0,18866.0,10262.0,3526.0,5620.0,-45.0,28057.0,1071.0,-15.0,1056.0,475.0,581.0,0.0,513.0,0.0,513.0,2898.0,1071.0,471.0,481.0,1.09,1.07
2016-06-30,30404.0,19180.0,11224.0,3880.0,6004.0,-55.0,29119.0,1285.0,-106.0,1179.0,307.0,872.0,0.0,857.0,0.0,857.0,3194.0,1285.0,473.0,483.0,1.81,1.78
2016-09-30,32714.0,21260.0,11454.0,4135.0,6712.0,-32.0,32139.0,575.0,-84.0,491.0,229.0,262.0,0.0,252.0,0.0,252.0,2658.0,575.0,474.0,485.0,0.53,0.52
2016-12-31,43741.0,28959.0,14782.0,4544.0,8948.0,-35.0,42486.0,1255.0,-89.0,1166.0,414.0,752.0,0.0,749.0,0.0,749.0,3552.0,1255.0,474.0,484.0,1.58,1.53
2017-03-31,35714.0,22440.0,13274.0,4813.0,7412.0,-44.0,34709.0,1005.0,-52.0,953.0,229.0,724.0,0.0,724.0,0.0,724.0,3440.0,1005.0,477.0,490.0,1.52,1.48
2017-06-30,37955.0,23451.0,14504.0,5549.0,8261.0,-66.0,37327.0,628.0,38.0,666.0,467.0,199.0,0.0,197.0,0.0,197.0,3261.0,628.0,479.0,492.0,0.41,0.4
2017-09-30,43744.0,27549.0,16195.0,5944.0,9859.0,-45.0,43397.0,347.0,-31.0,316.0,58.0,258.0,0.0,256.0,0.0,256.0,3259.0,347.0,481.0,494.0,0.53,0.52
2017-12-31,60453.0,38494.0,21959.0,6314.0,13460.0,-59.0,58327.0,2126.0,-255.0,1871.0,15.0,1856.0,0.0,1856.0,0.0,1856.0,5624.0,2126.0,480.0,493.0,3.86,3.75
2018-03-31,51042.0,30735.0,20307.0,6759.0,11558.0,-63.0,49115.0,1927.0,-11.0,1916.0,287.0,1629.0,0.0,1629.0,0.0,1629.0,5598.0,1927.0,484.0,498.0,3.36,3.27
2018-06-30,52886.0,30632.0,22254.0,7247.0,11944.0,-80.0,49903.0,2983.0,-378.0,2605.0,74.0,2531.0,0.0,2534.0,0.0,2534.0,6613.0,2983.0,486.0,500.0,5.21,5.07
2018-09-30,56576.0,33003.0,23573.0,7162.0,12619.0,-68.0,52852.0,3724.0,-334.0,3390.0,508.0,2882.0,0.0,2883.0,0.0,2883.0,7502.0,3724.0,488.0,501.0,5.91,5.75
2018-12-31,72383.0,44786.0,27597.0,7669.0,16056.0,-85.0,68596.0,3787.0,-437.0,3350.0,328.0,3022.0,0.0,3027.0,0.0,3027.0,8049.0,3787.0,487.0,500.0,6.2,6.05
2019-03-31,59700.0,33920.0,25780.0,7927.0,13438.0,5.0,55280.0,4420.0,-19.0,4401.0,836.0,3565.0,0.0,3561.0,0.0,3561.0,9274.0,4420.0,491.0,502.0,7.24,7.09
2019-06-30,63404.0,36337.0,27067.0,9065.0,14832.0,-86.0,60320.0,3084.0,-195.0,2889.0,257.0,2632.0,0.0,2625.0,0.0,2625.0,8286.0,3084.0,493.0,503.0,5.32,5.22
2019-09-30,69981.0,41302.0,28679.0,9200.0,16267.0,-55.0,66824.0,3157.0,-525.0,2632.0,494.0,2138.0,0.0,2134.0,0.0,2134.0,8720.0,3157.0,495.0,504.0,4.31,4.23
2019-12-31,87437.0,53977.0,33460.0,9739.0,19776.0,-65.0,83557.0,3880.0,174.0,4054.0,787.0,3267.0,0.0,3268.0,0.0,3268.0,10050.0,3880.0,494.0,504.0,6.59,6.47
2020-03-31,75452.0,44257.0,31195.0,9325.0,17811.0,-70.0,71463.0,3989.0,-606.0,3383.0,744.0,2639.0,0.0,2535.0,0.0,2535.0,9351.0,3989.0,498.0,506.0,5.09,5.01
2020-06-30,88912.0,52660.0,36252.0,10388.0,19731.0,-290.0,83069.0,5843.0,378.0,6221.0,984.0,5237.0,0.0,5243.0,0.0,5243.0,11591.0,5843.0,500.0,509.0,10.5,10.3
2020-09-30,96145.0,57106.0,39039.0,10976.0,21807.0,-62.0,89951.0,6194.0,615.0,6809.0,569.0,6240.0,0.0,6331.0,0.0,6331.0,12717.0,6194.0,501.0,512.0,12.63,12.37
2020-12-31,125555.0,79284.0,46271.0,12051.0,27844.0,497.0,118682.0,6873.0,892.0,7765.0,566.0,7199.0,0.0,7222.0,0.0,7222.0,14491.0,6873.0,500.0,510.0,14.42,14.15
2021-03-31,108518.0,62403.0,46115.0,12488.0,24724.0,-38.0,99653.0,8865.0,1403.0,10268.0,2156.0,8112.0,0.0,8107.0,0.0,8107.0,16373.0,8865.0,504.0,513.0,16.09,15.79
2021-06-30,113080.0,64176.0,48904.0,13871.0,27320.0,-11.0,105378.0,7702.0,932.0,8634.0,868.0,7766.0,0.0,7778.0,0.0,7778.0,15740.0,7702.0,505.0,514.0,15.4,15.12
2021-09-30,110812.0,62930.0,47882.0,14380.0,28661.0,11.0,105960.0,4852.0,-537.0,4315.0,1155.0,3160.0,0.0,3156.0,0.0,3156.0,13800.0,4852.0,507.0,515.0,6.23,6.12
2021-12-31,137412.0,82835.0,54577.0,15313.0,35780.0,-24.0,133952.0,3460.0,11474.0,14934.0,612.0,14322.0,0.0,14323.0,0.0,14323.0,13262.0,3460.0,506.0,515.0,28.24,27.78
2022-03-31,116444.0,66499.0,49945.0,14842.0,31185.0,-249.0,112775.0,3669.0,-8934.0,-5265.0,-1422.0,-3843.0,0.0,-3844.0,0.0,-3844.0,12647.0,3669.0,509.0,509.0,-7.56,-7.56
