Date,Revenue,Cost Of Goods Sold,Gross Profit,Research And Development Expenses,SG&A Expenses,Other Operating Income Or Expenses,Operating Expenses,Operating Income,Total Non-Operating Income/Expense,Pre-Tax Income,Income Taxes,Income After Taxes,Other Income,Income From Continuous Operations,Income From Discontinued Operations,Net Income,EBITDA,EBIT,Basic Shares Outstanding,Shares Outstanding,Basic EPS,EPS - Earnings Per Share
2009-03-31,8087.0,6800.0,1287.0,0.0,0.0,0.0,7105.0,982.0,19.0,1001.0,348.0,653.0,0.0,653.0,0.0,613.0,1388.0,982.0,1855.0,1868.0,0.33,0.33
2009-06-30,8596.0,6998.0,1598.0,0.0,0.0,0.0,7019.0,1577.0,80.0,1657.0,626.0,1031.0,0.0,1031.0,0.0,954.0,1981.0,1577.0,1857.0,1874.0,0.51,0.51
2009-09-30,9867.0,8272.0,1595.0,0.0,0.0,0.0,8438.0,1429.0,232.0,1661.0,587.0,1074.0,0.0,1074.0,0.0,895.0,1854.0,1429.0,1856.0,1875.0,0.48,0.47
2009-12-31,9739.0,8325.0,1414.0,0.0,0.0,0.0,8430.0,1309.0,13.0,1322.0,478.0,844.0,0.0,844.0,0.0,844.0,1732.0,1309.0,1867.0,1903.0,0.45,0.44
2010-03-31,8580.0,7068.0,1512.0,0.0,0.0,0.0,7139.0,1441.0,94.0,1535.0,537.0,998.0,0.0,998.0,0.0,953.0,1865.0,1441.0,1940.0,1973.0,0.49,0.48
2010-06-30,10002.0,7723.0,2279.0,0.0,0.0,0.0,7759.0,2243.0,93.0,2336.0,831.0,1505.0,0.0,1505.0,0.0,1331.0,2675.0,2243.0,1945.0,1978.0,0.68,0.67
2010-09-30,9742.0,8221.0,1521.0,0.0,0.0,0.0,8279.0,1463.0,-29.0,1434.0,468.0,966.0,0.0,966.0,0.0,835.0,1897.0,1463.0,1915.0,1948.0,0.45,0.44
2010-12-31,10716.0,8776.0,1940.0,0.0,0.0,0.0,8788.0,1928.0,136.0,2064.0,730.0,1334.0,0.0,1334.0,0.0,1302.0,2375.0,1928.0,1891.0,1927.0,0.69,0.68
2011-03-31,9077.0,7549.0,1528.0,0.0,0.0,0.0,7549.0,1528.0,40.0,1568.0,558.0,1010.0,0.0,1010.0,0.0,942.0,1984.0,1528.0,1899.0,1934.0,0.5,0.49
2011-06-30,10675.0,8229.0,2446.0,0.0,0.0,0.0,8263.0,2412.0,96.0,2508.0,845.0,1663.0,0.0,1663.0,0.0,1476.0,2888.0,2412.0,1883.0,1912.0,0.78,0.77
2011-09-30,10425.0,8558.0,1867.0,0.0,0.0,0.0,8567.0,1858.0,45.0,1903.0,652.0,1251.0,0.0,1251.0,0.0,1087.0,2320.0,1858.0,1878.0,1909.0,0.59,0.58
2011-12-31,10779.0,8587.0,2192.0,0.0,0.0,0.0,8593.0,2186.0,55.0,2241.0,720.0,1521.0,0.0,1521.0,0.0,1464.0,2671.0,2186.0,1798.0,1824.0,0.81,0.8
2012-03-31,9629.0,7942.0,1687.0,0.0,0.0,0.0,7980.0,1649.0,227.0,1876.0,650.0,1226.0,0.0,1226.0,0.0,1143.0,2137.0,1649.0,1793.0,1818.0,0.64,0.63
2012-06-30,11088.0,8128.0,2960.0,0.0,0.0,0.0,8135.0,2953.0,76.0,3029.0,993.0,2036.0,0.0,2036.0,0.0,1831.0,3475.0,2953.0,1791.0,1812.0,1.02,1.01
2012-09-30,10782.0,8758.0,2024.0,0.0,0.0,0.0,8807.0,1975.0,139.0,2114.0,724.0,1390.0,0.0,1390.0,0.0,1244.0,2467.0,1975.0,1793.0,1817.0,0.69,0.68
2012-12-31,11341.0,9249.0,2092.0,0.0,0.0,0.0,9249.0,2092.0,-64.0,2028.0,590.0,1438.0,0.0,1438.0,0.0,1382.0,2606.0,2092.0,1777.0,1800.0,0.78,0.77
2013-03-31,10554.0,8359.0,2195.0,0.0,0.0,0.0,8420.0,2134.0,141.0,2275.0,654.0,1621.0,0.0,1621.0,0.0,1513.0,2684.0,2134.0,1804.0,1825.0,0.84,0.83
2013-06-30,11578.0,8574.0,3004.0,0.0,0.0,0.0,8634.0,2944.0,149.0,3093.0,1059.0,2034.0,0.0,2034.0,0.0,1847.0,3513.0,2944.0,1802.0,1821.0,1.02,1.01
2013-09-30,11568.0,9409.0,2159.0,0.0,0.0,0.0,9502.0,2066.0,158.0,2224.0,681.0,1543.0,0.0,1543.0,0.0,1394.0,2625.0,2066.0,1786.0,1805.0,0.78,0.77
2013-12-31,12309.0,7065.0,5244.0,0.0,2018.0,0.0,9663.0,2646.0,294.0,2940.0,1036.0,1904.0,0.0,1904.0,0.0,1840.0,3207.0,2646.0,1762.0,1784.0,1.04,1.03
2014-03-31,11649.0,5972.0,5677.0,0.0,2116.0,0.0,8716.0,2933.0,242.0,3175.0,1119.0,2056.0,0.0,2056.0,0.0,1917.0,3513.0,2933.0,1750.0,1770.0,1.1,1.08
2014-06-30,12466.0,6364.0,6102.0,0.0,2047.0,0.0,8968.0,3498.0,172.0,3670.0,1251.0,2419.0,0.0,2419.0,0.0,2245.0,4055.0,3498.0,1732.0,1748.0,1.3,1.28
2014-09-30,12389.0,9993.0,2396.0,0.0,2384.0,0.0,10066.0,2323.0,138.0,2461.0,836.0,1625.0,0.0,1625.0,0.0,1499.0,2913.0,2323.0,1716.0,1734.0,0.87,0.86
2014-12-31,13391.0,7656.0,5735.0,0.0,1935.0,0.0,10183.0,3208.0,154.0,3362.0,1118.0,2244.0,0.0,2244.0,0.0,2182.0,3800.0,3208.0,1700.0,1717.0,1.28,1.27
2015-03-31,12461.0,6690.0,5771.0,0.0,2081.0,0.0,9355.0,3106.0,214.0,3320.0,1092.0,2228.0,0.0,2228.0,0.0,2108.0,3690.0,3106.0,1699.0,1715.0,1.24,1.23
2015-06-30,13101.0,6663.0,6438.0,0.0,2101.0,0.0,9339.0,3762.0,200.0,3962.0,1323.0,2639.0,0.0,2639.0,0.0,2483.0,4337.0,3762.0,1696.0,1711.0,1.46,1.45
2015-09-30,13512.0,7355.0,6157.0,0.0,2406.0,0.0,10417.0,3095.0,129.0,3224.0,1483.0,1741.0,0.0,1741.0,0.0,1609.0,3698.0,3095.0,1694.0,1709.0,0.97,0.95
2015-12-31,15244.0,8623.0,6621.0,0.0,2025.0,0.0,11336.0,3908.0,450.0,4358.0,1448.0,2910.0,0.0,2910.0,0.0,2880.0,4515.0,3908.0,1654.0,1668.0,1.74,1.73
2016-03-31,12969.0,6864.0,6105.0,0.0,2137.0,0.0,9606.0,3363.0,83.0,3446.0,1170.0,2276.0,0.0,2276.0,0.0,2143.0,3968.0,3363.0,1633.0,1643.0,1.31,1.3
2016-06-30,14277.0,7201.0,7076.0,0.0,2305.0,0.0,10176.0,4101.0,82.0,4183.0,1471.0,2712.0,0.0,2712.0,0.0,2597.0,4727.0,4101.0,1621.0,1631.0,1.6,1.59
2016-09-30,13142.0,7305.0,5837.0,0.0,2287.0,0.0,10312.0,2830.0,51.0,2881.0,989.0,1892.0,0.0,1892.0,0.0,1771.0,3519.0,2830.0,1629.0,1639.0,1.11,1.11
2016-12-31,14784.0,8406.0,6378.0,0.0,1985.0,0.0,11078.0,3706.0,19.0,3725.0,1237.0,2488.0,0.0,2488.0,0.0,2479.0,4393.0,3706.0,1592.0,1603.0,1.56,1.55
2017-03-31,13336.0,6969.0,6367.0,0.0,1941.0,0.0,9586.0,3750.0,1.0,3751.0,1212.0,2539.0,0.0,2539.0,0.0,2388.0,4426.0,3750.0,1580.0,1591.0,1.51,1.5
2017-06-30,14238.0,7717.0,6521.0,0.0,2022.0,0.0,10450.0,3788.0,-170.0,3618.0,1144.0,2474.0,0.0,2474.0,0.0,2366.0,4499.0,3788.0,1562.0,1572.0,1.51,1.51
2017-09-30,12779.0,7214.0,5565.0,0.0,2228.0,0.0,10248.0,2531.0,163.0,2694.0,829.0,1865.0,0.0,1865.0,0.0,1747.0,3239.0,2531.0,1568.0,1578.0,1.15,1.13
2017-12-31,15351.0,8729.0,6622.0,0.0,2087.0,0.0,11573.0,3778.0,-33.0,3745.0,-728.0,4473.0,0.0,4473.0,0.0,4423.0,4520.0,3778.0,1512.0,1521.0,2.93,2.91
2018-03-31,14548.0,7541.0,7007.0,0.0,2239.0,0.0,10524.0,4024.0,-96.0,3928.0,813.0,3115.0,0.0,3115.0,0.0,2937.0,4755.0,4024.0,1503.0,1510.0,1.95,1.95
2018-06-30,15229.0,8348.0,6881.0,0.0,2213.0,0.0,11305.0,3924.0,-70.0,3854.0,795.0,3059.0,0.0,3059.0,0.0,2916.0,4668.0,3924.0,1491.0,1498.0,1.96,1.95
2018-09-30,14306.0,8108.0,6198.0,0.0,2321.0,0.0,11228.0,3078.0,124.0,3202.0,783.0,2419.0,0.0,2419.0,0.0,2322.0,3872.0,3078.0,1499.0,1507.0,1.56,1.55
2018-12-31,15303.0,9001.0,6302.0,0.0,2152.0,0.0,11885.0,3418.0,13.0,3431.0,645.0,2786.0,0.0,2786.0,0.0,2788.0,4150.0,3418.0,1490.0,1498.0,1.87,1.86
2019-03-31,14922.0,8376.0,6546.0,0.0,2330.0,0.0,12196.0,2726.0,4511.0,7237.0,1647.0,5590.0,0.0,5590.0,21.0,5452.0,3554.0,2726.0,1530.0,1537.0,3.56,3.55
2019-06-30,20262.0,12837.0,7425.0,0.0,3368.0,0.0,17718.0,2544.0,-535.0,2009.0,393.0,1616.0,0.0,1616.0,366.0,1760.0,3850.0,2544.0,1802.0,1814.0,0.98,0.97
2019-09-30,19120.0,11847.0,7273.0,0.0,3699.0,0.0,17161.0,1959.0,-713.0,1246.0,341.0,905.0,0.0,905.0,300.0,1054.0,3260.0,1959.0,1656.0,1666.0,0.27,0.26
2019-12-31,20877.0,13034.0,7843.0,0.0,3709.0,0.0,18192.0,2685.0,-59.0,2626.0,458.0,2168.0,0.0,2168.0,-21.0,2107.0,3984.0,2685.0,1805.0,1817.0,1.17,1.16
2020-03-31,18025.0,11937.0,6088.0,0.0,3393.0,0.0,16809.0,1216.0,-165.0,1051.0,523.0,528.0,0.0,528.0,-8.0,460.0,2550.0,1216.0,1808.0,1816.0,0.25,0.25
2020-06-30,11779.0,7896.0,3883.0,0.0,2455.0,0.0,16775.0,-4996.0,156.0,-4840.0,-331.0,-4509.0,0.0,-4509.0,-3.0,-4721.0,1334.0,-4996.0,1809.0,1809.0,-2.61,-2.61
2020-09-30,14707.0,11013.0,3694.0,0.0,2812.0,0.0,15553.0,-846.0,266.0,-580.0,49.0,-629.0,0.0,-629.0,0.0,-710.0,489.0,-846.0,1808.0,1808.0,-0.39,-0.38
2020-12-31,16249.0,11775.0,4474.0,0.0,2917.0,0.0,16103.0,146.0,-100.0,46.0,16.0,30.0,0.0,30.0,-12.0,17.0,1444.0,146.0,1812.0,1823.0,0.01,0.01
2021-03-31,15613.0,9782.0,5831.0,0.0,3113.0,0.0,14581.0,1032.0,198.0,1230.0,108.0,1122.0,0.0,1122.0,-11.0,901.0,2304.0,1032.0,1817.0,1829.0,0.5,0.49
2021-06-30,17022.0,11233.0,5789.0,0.0,3168.0,0.0,15702.0,1320.0,-325.0,995.0,-133.0,1128.0,0.0,1128.0,-5.0,918.0,2586.0,1320.0,1818.0,1830.0,0.5,0.5
2021-09-30,18534.0,12341.0,6193.0,0.0,4319.0,0.0,18027.0,507.0,-217.0,290.0,34.0,256.0,0.0,256.0,-1.0,159.0,1782.0,507.0,1816.0,1828.0,0.09,0.09
2021-12-31,21819.0,14567.0,7252.0,0.0,3787.0,0.0,19623.0,2196.0,-508.0,1688.0,488.0,1200.0,0.0,1200.0,-48.0,1104.0,3465.0,2196.0,1819.0,1828.0,0.61,0.6
2022-03-31,19249.0,12594.0,6655.0,0.0,3768.0,0.0,17844.0,1405.0,-303.0,1102.0,505.0,597.0,0.0,597.0,0.0,470.0,2692.0,1405.0,1822.0,1828.0,0.26,0.26
