Date,Revenue,Cost Of Goods Sold,Gross Profit,Research And Development Expenses,SG&A Expenses,Other Operating Income Or Expenses,Operating Expenses,Operating Income,Total Non-Operating Income/Expense,Pre-Tax Income,Income Taxes,Income After Taxes,Other Income,Income From Continuous Operations,Income From Discontinued Operations,Net Income,EBITDA,EBIT,Basic Shares Outstanding,Shares Outstanding,Basic EPS,EPS - Earnings Per Share
2009-03-31,2333.3,1043.5,1289.8,0.0,104.3,-858.4,2292.4,40.9002,-5.9,35.0,9.9,25.1,0.0,25.1,0.0,25.0,182.1002,40.9002,1476.0,1479.8,0.015,0.015
2009-06-30,2403.9,1043.4,1360.5,0.0,110.3,-860.9,2199.9,204.0,10.0,214.0,65.8,148.2,0.0,148.2,0.0,151.5,345.0,204.0,1478.8,1493.4,0.1,0.1
2009-09-30,2422.199,1041.2,1381.0,0.0,133.2,-862.6002,2222.8,199.3997,12.8,212.2,58.7,153.5,0.0,153.5,0.0,150.0,339.4996,199.3999,1477.4,1491.8,0.105,0.1
2009-12-31,2722.7,1145.7,1577.0,0.0,136.9,-938.6,2370.1,352.5999,16.9,369.5,126.0,243.5,0.0,243.5,0.0,241.5,490.7999,352.5999,1488.4,1525.8,0.16,0.16
2010-03-31,2534.7,1064.1,1470.6,0.0,139.0,-855.4,2194.9,339.8,-3.3,336.5,118.7,217.8,0.0,217.8,0.0,217.3,474.1,339.8,1494.2,1533.8,0.145,0.14
2010-06-30,2612.0,1076.2,1535.8,0.0,132.7,-929.8,2284.3,327.7002,-9.3,318.4,109.9,208.5,0.0,208.5,0.0,207.9,459.7002,327.7002,1492.2,1533.4,0.14,0.135
2010-09-30,2838.0,1130.5,1707.5,0.0,296.0,-879.7,2438.7,399.3,13.3,412.6,134.1,278.5,0.0,278.5,0.0,278.9,535.6,399.3003,1488.8,1528.4,0.19,0.185
2010-12-31,2950.8,1192.3,1758.5,0.0,185.2,-943.6,2448.9,501.9001,6.5,508.4,160.8,347.6,0.0,347.6,0.0,346.6,637.2001,501.9001,1491.4,1533.4,0.23,0.225
2011-03-31,2785.7,1171.2,1614.5,0.0,181.6,-927.8,2409.6,376.1001,12.8,388.9,126.5,262.4,0.0,262.4,0.0,261.6,512.4001,376.1001,1500.6,1543.6,0.175,0.17
2011-06-30,2932.2,1237.5,1694.7,0.0,190.2,-972.8,2530.0,402.2,7.5,409.7,129.9,279.8,0.0,279.8,0.0,279.1,538.7999,402.2,1501.0,1543.8,0.185,0.18
2011-09-30,3031.7,1314.5,1717.2,0.0,192.3,-939.6,2583.4,448.3,55.8,504.0999,145.9,358.2,0.0,358.2,0.0,358.4,590.1,448.3008,1496.6,1539.4,0.24,0.235
2011-12-31,3435.9,1496.1,1939.8,0.0,191.5,-1057.5,2879.9,556.0,14.6,570.6,188.4,382.2,0.0,382.2,0.0,382.1,699.6,556.0,1495.8,1537.0,0.255,0.25
2012-03-31,3195.9,1411.9,1784.0,0.0,206.9,-1009.6,2765.5,430.3999,26.5,456.9,146.8,310.1,0.0,310.1,0.0,309.9,574.6999,430.3999,1509.2,1546.6,0.205,0.2
2012-06-30,3303.6,1446.1,1857.5,0.0,199.0,-1030.2,2812.0,491.6001,0.8,492.4,159.1,333.3,0.0,333.3,0.0,333.1,631.4001,491.6001,1517.8,1553.6,0.22,0.215
2012-09-30,3341.399,1459.2,1882.2,0.0,203.8,-1017.299,2822.0,519.3999,19.8,539.2001,180.1001,359.1002,0.0,359.1002,0.0,358.7,672.2999,519.4004,1508.8,1546.0,0.235,0.23
2012-12-31,3793.2,1620.7,2172.5,0.0,231.9,-1161.1,3162.6,630.5999,-9.5,621.1,188.7,432.4,0.0,432.4,0.0,432.2,787.3998,630.5999,1492.2,1522.6,0.29,0.285
2013-03-31,3549.6,1530.4,2019.2,0.0,230.3,-1091.7,3005.5,544.1001,44.7,588.8,198.1,390.7,0.0,390.7,0.0,390.4,705.4001,544.1001,1498.2,1522.6,0.26,0.255
2013-06-30,3735.3,1597.6,2137.7,0.0,249.6,-1119.6,3120.1,615.2,-2.8,612.4,194.6,417.8,0.0,417.8,0.0,417.8,776.3999,615.2,1499.4,1523.8,0.28,0.275
2013-09-30,3788.7,1633.6,2155.1,0.0,226.1001,-3878.2,5904.0,-2115.3,63.1,-2052.2,-820.1,-1232.1,0.0,-1232.1,0.0,-1232.1,-1939.0,-2115.299,1498.5,1524.5,-0.82,-0.805
2013-12-31,4239.6,1795.1,2444.5,0.0,242.6,-1218.7,3426.1,813.5,5.3,818.8,278.1,540.7,0.0,540.7,0.0,540.7,993.6,813.5,1509.8,1532.4,0.36,0.355
2014-03-31,3873.8,1629.2,2244.6,0.0,240.6,-1185.5,3229.7,644.1001,1.1,645.2,218.3,426.9,0.0,426.9,0.0,427.0,828.2001,644.1001,1510.3,1529.1,0.28,0.28
2014-06-30,4153.7,1711.5,2442.2,0.0,269.4,-1224.2,3385.2,768.5002,3.0,771.5,259.0,512.5,0.0,512.5,0.0,512.6,958.3002,768.5002,1503.5,1522.0,0.34,0.34
2014-09-30,4180.701,1723.0,2457.701,0.0,238.7,-1178.6,3325.7,855.001,69.2,924.2,336.6,587.6,0.0,587.6,0.0,587.8001,1049.401,855.0002,1506.3,1526.3,0.39,0.375
2014-12-31,4803.2,1991.2,2812.0,0.0,298.4,-1392.1,3887.7,915.5005,384.0,1299.5,315.0,984.5,0.0,984.5,0.0,983.1,1131.801,915.5005,1498.8,1516.8,0.66,0.65
2015-03-31,4563.5,1859.8,2703.7,0.0,305.9,-1403.2,3786.0,777.5,-15.6,761.9,266.3,495.6,0.0,495.6,0.0,494.9,1005.4,777.5,1500.5,1516.5,0.33,0.33
2015-06-30,4881.2,1953.9,2927.3,0.0,288.5,-1463.7,3942.6,938.6003,6.4,945.0,318.5,626.5,0.0,626.5,0.0,626.7,1187.7,938.6003,1498.5,1515.7,0.42,0.41
2015-09-30,4914.799,1982.6,2932.199,0.0,303.8999,-1424.6,3945.402,969.397,-72.8,896.6001,243.9,652.7,0.0,652.7,0.0,652.7,1209.897,969.3972,1495.9,1513.4,0.43,0.43
2015-12-31,5373.5,2186.2,3187.3,0.0,305.5,-1588.3,4315.5,1058.0,-8.4,1049.6,361.9,687.7,0.0,687.7,0.0,687.6,1305.3,1058.0,1485.9,1503.3,0.46,0.46
2016-03-31,4993.2,2010.3,2982.9,0.0,330.5,-1540.4,4129.0,864.2002,-3.8,860.4,285.4,575.0,0.0,575.0,0.0,575.1,1126.2,864.2002,1472.1,1486.6,0.39,0.39
2016-06-30,5238.0,2060.3,3177.7,0.0,323.4,-1584.4,4215.7,1022.3,51.1,1073.4,318.9,754.5,0.0,754.5,0.0,754.1,1281.2,1022.3,1465.3,1479.3,0.51,0.51
2016-09-30,5711.2,2252.2,3459.0,0.0,449.5,-1532.2,4483.8,1227.4,-12.2,1215.2,413.4999,801.7002,0.0,801.7002,0.0,800.9001,1489.3,1227.4,1471.6,1486.7,0.55,0.54
2016-12-31,5732.9,2295.0,3437.9,0.0,356.4,-1699.2,4600.3,1132.6,0.3,1132.9,381.4,751.5,0.0,751.5,0.0,751.8,1395.8,1132.6,1457.5,1470.5,0.52,0.51
2017-03-31,5294.0,2141.2,3152.8,0.0,326.8,-1637.0,4358.6,935.3999,45.0,980.4,327.6,652.8,0.0,652.8,0.0,652.8,1202.0,935.3999,1453.2,1464.8,0.45,0.45
2017-06-30,5661.5,2249.1,3412.4,0.0,325.0,-1670.4,4617.3,1044.2,8.2,1052.4,361.1,691.3,0.0,691.3,0.0,691.6,1310.8,1044.2,1447.7,1459.4,0.48,0.47
2017-09-30,5698.401,380.4998,5317.901,0.0,400.2,-3606.4,4675.899,1022.501,129.3,1151.8,362.5,789.2998,0.0,789.2998,0.0,788.5001,1293.201,1022.501,1449.5,1461.5,0.54,0.54
2017-12-31,6073.7,2501.7,3572.0,0.0,392.4,-1777.1,4957.6,1116.1,1889.8,3005.9,755.8,2250.1,0.0,2250.1,0.0,2250.2,1388.5,1116.1,1421.0,1434.6,1.58,1.57
2018-03-31,6031.8,2514.7,3517.1,0.0,420.6,-1857.7,5259.3,772.4995,43.1,815.6,155.8,659.8,0.0,659.8,0.0,660.1,1117.699,772.4995,1394.9,1406.6,0.47,0.47
2018-06-30,6310.3,2553.4,3756.9,0.0,485.9,-1885.9,5272.1,1038.2,-11.4,1026.8,174.8,852.0001,0.0,852.0001,0.0,852.5,1382.1,1038.2,1377.1,1388.5,0.62,0.61
2018-09-30,6303.699,360.9004,5942.799,0.0,409.3,-4205.199,5347.199,956.5005,-24.7999,931.7002,175.6,756.1001,0.0,756.1001,0.0,755.4998,1300.901,956.501,1382.7,1394.6,0.6,0.59
2018-12-31,6632.7,2175.8,4456.9,0.0,448.0,-2616.6,5617.0,1015.7,-50.2,965.5,205.1,760.4,0.0,760.4,0.0,760.6,1366.5,1015.7,1242.0,1253.4,0.61,0.61
2019-03-31,6305.9,2012.0,4293.9,0.0,458.1,-2578.9,5448.2,857.6997,-37.7,820.0,161.2,658.8,0.0,658.8,0.0,663.2,1230.4,857.6997,1239.2,1250.7,0.54,0.53
2019-06-30,6823.0,2199.6,4623.4,0.0,459.7,-2661.6,5701.7,1121.3,555.6,1676.9,303.7,1373.2,0.0,1373.2,0.0,1372.8,1481.4,1121.3,1211.0,1223.0,1.13,1.12
2019-09-30,6746.999,2139.5,4607.499,0.0,458.2999,-2709.5,5663.8,1083.199,-79.4,1003.8,201.5999,802.2001,0.0,802.2001,0.0,802.6,1448.899,1083.201,1221.2,1233.2,0.67,0.66
2019-12-31,7097.1,2236.4,4860.7,0.0,434.2,-2849.4,5877.3,1219.8,-76.0,1143.8,258.5,885.3,0.0,885.3,0.0,885.7,1589.0,1219.8,1180.4,1191.0,0.75,0.74
2020-03-31,5995.7,1997.7,3998.0,0.0,406.5,-2748.5,5508.3,487.4004,-97.2,390.2,65.4,324.8,0.0,324.8,0.0,328.4,865.1004,487.4004,1171.8,1180.7,0.28,0.28
2020-06-30,4222.1,1484.0,2738.1,0.0,399.9,-2603.0,4926.0,-703.8999,-108.1,-812.0,-133.9,-678.1,0.0,-678.1,0.0,-678.4,-326.7999,-703.8999,1168.5,1168.5,-0.58,-0.58
2020-09-30,6203.1,1976.8,4226.3,0.0,438.9999,-2670.9,5644.701,558.3989,-116.0,442.3999,49.7,392.7,0.0,392.7,0.0,392.5999,937.5989,558.3984,1172.8,1181.8,0.34,0.35
2020-12-31,6749.4,2049.1,4700.3,0.0,472.1,-2876.4,5835.9,913.4995,-105.2,808.3,186.1,622.2,0.0,622.2,0.0,622.2,1301.9,913.4995,1175.0,1183.0,0.53,0.53
2021-03-31,6668.0,1992.4,4675.6,0.0,464.4,-2833.9,5680.4,987.6001,-97.7,889.9,230.5,659.4,0.0,659.4,0.0,659.4,1372.1,987.6001,1177.5,1184.8,0.56,0.56
2021-06-30,7496.5,2206.0,5290.5,0.0,494.9,-2932.8,6007.8,1488.7,-77.4,1411.3,257.1,1154.2,0.0,1154.2,0.0,1153.4,1862.0,1488.7,1178.5,1186.2,0.98,0.97
2021-09-30,8146.7,2491.2,5655.5,0.0,501.1999,-3262.001,6664.398,1482.301,765.1,2247.4,482.9,1764.5,0.0,1764.5,0.0,1764.3,1860.201,1482.3,1177.6,1185.5,1.5,1.48
2021-12-31,8050.4,2526.9,5523.5,0.0,525.8,-3461.4,6872.6,1177.8,-115.4,1062.4,246.3,816.1,0.0,816.1,0.0,815.9,1564.2,1177.8,1169.6,1176.6,0.7,0.69
2022-03-31,7635.6,2465.8,5169.8,0.0,481.5,-3367.3,6686.7,948.9004,-72.8,876.1,201.1,675.0,0.0,675.0,0.0,674.5,1340.2,948.9004,1149.2,1153.9,0.59,0.58
